@article{c1,
author = {Anders Olof Larsson and Hallvard Moe},
title = {Studying political microblogging: Twitter users in the 2010 Swedish election campaign},
journal = {New Media \& Society},
volume = {14},
number = {5},
pages = {729-747},
year = {2012},
doi = {10.1177/1461444811422894},
}

@article{c2,
author = {Weiwu Zhang and Thomas J. Johnson and Trent Seltzer and Shannon L. Bichard},
title = {The Revolution Will be Networked},
journal = {Social Science Computer Review},
volume = {28},
number = {1},
pages = {75-92},
year = {2010},
doi = {10.1177/0894439309335162},
}

@article{c3,
author = {Bengü Hosch-Dayican and Chintan Amrit and Kees Aarts and Adrie Dassen},
title = {How Do Online Citizens Persuade Fellow Voters? {Using} Twitter During the 2012 Dutch Parliamentary Election Campaign},
journal = {Social Science Computer Review},
volume = {34},
number = {2},
pages = {135-152},
year = {2016},
doi = {10.1177/0894439314558200},
}

@article{c4,
author = {謝明恩 and 林立秦 and 張逸群 and 蔡明娟},
title = {{P T T 軍情室}},
journal = {2016 Data Mining Final Project Slides},
number = {24},
year = {2016},
}
